
		<record>
			<header>
				<identifier>oai:aleph.mzk.cz:MZK01-000115170</identifier>
				<datestamp>2015-01-01T14:47:16Z</datestamp>
				<setSpec>MZKALL</setSpec>
			</header>
			<metadata>
				<marc:record xmlns:marc="http://www.loc.gov/MARC21/slim"
					xmlns:xsi="http://www.w3.org/2001/XMLSchema-instance"
					xsi:schemaLocation="http://www.loc.gov/MARC21/slim
http://www.loc.gov/standards/marcxml/schema/MARC21slim.xsd">
					<marc:leader>     nam a22     2a 4500</marc:leader>
					<marc:controlfield tag="001">000115170</marc:controlfield>
					<marc:controlfield tag="003">CZ BrMZK</marc:controlfield>
					<marc:controlfield tag="005">20080331075227.0</marc:controlfield>
					<marc:controlfield tag="007">ta</marc:controlfield>
					<marc:controlfield tag="008">010907s1992    xr     f            cze d</marc:controlfield>
					<marc:datafield tag="015" ind1=" " ind2=" ">
						<marc:subfield code="a">cnb000075401</marc:subfield>
					</marc:datafield>
					<marc:datafield tag="035" ind1=" " ind2=" ">
						<marc:subfield code="a">(OCoLC)85637369</marc:subfield>
					</marc:datafield>
					<marc:datafield tag="040" ind1=" " ind2=" ">
						<marc:subfield code="a">BOA001</marc:subfield>
						<marc:subfield code="b">cze</marc:subfield>
					</marc:datafield>
					<marc:datafield tag="080" ind1="9" ind2=" ">
						<marc:subfield code="a">621.77(075)</marc:subfield>
					</marc:datafield>
					<marc:datafield tag="100" ind1="1" ind2=" ">
						<marc:subfield code="a">Novotný, Karel,</marc:subfield>
						<marc:subfield code="d">1938-</marc:subfield>
						<marc:subfield code="7">mzk2004148401</marc:subfield>
						<marc:subfield code="4">aut</marc:subfield>
					</marc:datafield>
					<marc:datafield tag="245" ind1="1" ind2="0">
						<marc:subfield code="a">Speciální technologie I :</marc:subfield>
						<marc:subfield code="b">plošné a objemové tváření /</marc:subfield>
						<marc:subfield code="c">Karel Novotný, Zdeněk Macháček</marc:subfield>
					</marc:datafield>
					<marc:datafield tag="250" ind1=" " ind2=" ">
						<marc:subfield code="a">2. vyd.</marc:subfield>
					</marc:datafield>
					<marc:datafield tag="260" ind1=" " ind2=" ">
						<marc:subfield code="a">Brno :</marc:subfield>
						<marc:subfield code="b">Vysoké učení technické,</marc:subfield>
						<marc:subfield code="c">1992</marc:subfield>
					</marc:datafield>
					<marc:datafield tag="300" ind1=" " ind2=" ">
						<marc:subfield code="a">171 s.</marc:subfield>
					</marc:datafield>
					<marc:datafield tag="490" ind1="1" ind2=" ">
						<marc:subfield code="a">Učební texty vysokých škol</marc:subfield>
					</marc:datafield>
					<marc:datafield tag="504" ind1=" " ind2=" ">
						<marc:subfield code="a">Obsahuje bibliografii</marc:subfield>
					</marc:datafield>
					<marc:datafield tag="700" ind1="1" ind2=" ">
						<marc:subfield code="a">Macháček, Zdeněk</marc:subfield>
						<marc:subfield code="7">jk01072964</marc:subfield>
						<marc:subfield code="4">aut</marc:subfield>
					</marc:datafield>
					<marc:datafield tag="810" ind1="2" ind2=" ">
						<marc:subfield code="a">Vysoké učení technické v Brně.</marc:subfield>
						<marc:subfield code="t">Učební texty vysokých škol</marc:subfield>
						<marc:subfield code="0">s</marc:subfield>
					</marc:datafield>
					<marc:datafield tag="910" ind1=" " ind2=" ">
						<marc:subfield code="a">BOA001</marc:subfield>
						<marc:subfield code="b">TK-A-0249.856</marc:subfield>
						<marc:subfield code="b">4-0979.349</marc:subfield>
					</marc:datafield>
					<marc:datafield tag="920" ind1=" " ind2=" ">
						<marc:subfield code="a">000377014</marc:subfield>
					</marc:datafield>
					<marc:datafield tag="964" ind1=" " ind2=" ">
						<marc:subfield code="a">Tváření plošné - technologie speciální - učebnice - školy vysoké</marc:subfield>
					</marc:datafield>
					<marc:datafield tag="964" ind1=" " ind2=" ">
						<marc:subfield code="a">Tváření objemové - technologie speciální - učebnice - školy vysoké</marc:subfield>
					</marc:datafield>
					<marc:datafield tag="990" ind1=" " ind2=" ">
						<marc:subfield code="a">BK</marc:subfield>
					</marc:datafield>
					<marc:datafield tag="996" ind1="7" ind2=" ">
						<marc:subfield code="b">2619793308</marc:subfield>
						<marc:subfield code="c">4-0979.349</marc:subfield>
						<marc:subfield code="l">SK7</marc:subfield>
						<marc:subfield code="r">SKL</marc:subfield>
						<marc:subfield code="n">15</marc:subfield>
						<marc:subfield code="w">000115170</marc:subfield>
						<marc:subfield code="a">1</marc:subfield>
						<marc:subfield code="e">BOA001</marc:subfield>
						<marc:subfield code="s">A</marc:subfield>
					</marc:datafield>
					<marc:datafield tag="996" ind1="7" ind2=" ">
						<marc:subfield code="b">2629961546</marc:subfield>
						<marc:subfield code="c">TK-A-0249.856</marc:subfield>
						<marc:subfield code="l">PP2</marc:subfield>
						<marc:subfield code="r">DEN</marc:subfield>
						<marc:subfield code="n">12</marc:subfield>
						<marc:subfield code="w">000115170</marc:subfield>
						<marc:subfield code="a">1</marc:subfield>
						<marc:subfield code="e">BOA001</marc:subfield>
						<marc:subfield code="s">A</marc:subfield>
					</marc:datafield>
					<marc:datafield tag="996" ind1="7" ind2=" ">
						<marc:subfield code="b">2629980758</marc:subfield>
						<marc:subfield code="c">TK-A-0249.856</marc:subfield>
						<marc:subfield code="l">PP2</marc:subfield>
						<marc:subfield code="r">DEN</marc:subfield>
						<marc:subfield code="n">13</marc:subfield>
						<marc:subfield code="w">000115170</marc:subfield>
						<marc:subfield code="a">1</marc:subfield>
						<marc:subfield code="e">BOA001</marc:subfield>
						<marc:subfield code="s">A</marc:subfield>
					</marc:datafield>
					<marc:datafield tag="996" ind1="0" ind2=" ">
						<marc:subfield code="b">2629987871</marc:subfield>
						<marc:subfield code="c">TK-A-0249.856</marc:subfield>
						<marc:subfield code="l">PP2</marc:subfield>
						<marc:subfield code="r">DEN</marc:subfield>
						<marc:subfield code="n">1</marc:subfield>
						<marc:subfield code="p">110105 Ztr.169/10</marc:subfield>
						<marc:subfield code="w">000115170</marc:subfield>
						<marc:subfield code="a">1</marc:subfield>
						<marc:subfield code="q">0</marc:subfield>
						<marc:subfield code="e">BOA001</marc:subfield>
						<marc:subfield code="s">V</marc:subfield>
					</marc:datafield>
					<marc:datafield tag="996" ind1="7" ind2=" ">
						<marc:subfield code="b">2629988365</marc:subfield>
						<marc:subfield code="c">TK-A-0249.856</marc:subfield>
						<marc:subfield code="l">PP2</marc:subfield>
						<marc:subfield code="r">DEN</marc:subfield>
						<marc:subfield code="n">6</marc:subfield>
						<marc:subfield code="w">000115170</marc:subfield>
						<marc:subfield code="a">1</marc:subfield>
						<marc:subfield code="e">BOA001</marc:subfield>
						<marc:subfield code="s">A</marc:subfield>
					</marc:datafield>
					<marc:datafield tag="996" ind1="0" ind2=" ">
						<marc:subfield code="b">2629992286</marc:subfield>
						<marc:subfield code="c">TK-A-0249.856</marc:subfield>
						<marc:subfield code="l">PP2</marc:subfield>
						<marc:subfield code="r">DEN</marc:subfield>
						<marc:subfield code="n">0</marc:subfield>
						<marc:subfield code="p">040608 ztr. 341/04</marc:subfield>
						<marc:subfield code="w">000115170</marc:subfield>
						<marc:subfield code="a">1</marc:subfield>
						<marc:subfield code="q">0</marc:subfield>
						<marc:subfield code="e">BOA001</marc:subfield>
						<marc:subfield code="s">V</marc:subfield>
					</marc:datafield>
				</marc:record>
			</metadata>
		</record>