
		<record>
			<header>
				<identifier>oai:aleph.mzk.cz:MZK01-000115259</identifier>
				<datestamp>2015-01-01T14:49:24Z</datestamp>
				<setSpec>MZKALL</setSpec>
			</header>
			<metadata>
				<marc:record xmlns:marc="http://www.loc.gov/MARC21/slim"
					xmlns:xsi="http://www.w3.org/2001/XMLSchema-instance"
					xsi:schemaLocation="http://www.loc.gov/MARC21/slim
http://www.loc.gov/standards/marcxml/schema/MARC21slim.xsd">
					<marc:leader>     nam a22      a 4500</marc:leader>
					<marc:controlfield tag="001">nkc20142597353</marc:controlfield>
					<marc:controlfield tag="003">CZ PrNK</marc:controlfield>
					<marc:controlfield tag="005">20150101165953.0</marc:controlfield>
					<marc:controlfield tag="007">ta</marc:controlfield>
					<marc:controlfield tag="008">140623s2014    xr     e      001 0dcze  </marc:controlfield>
					<marc:datafield tag="015" ind1=" " ind2=" ">
						<marc:subfield code="a">cnb002597353</marc:subfield>
					</marc:datafield>
					<marc:datafield tag="020" ind1=" " ind2=" ">
						<marc:subfield code="a">978-80-246-2557-7</marc:subfield>
						<marc:subfield code="q">(brož.)</marc:subfield>
					</marc:datafield>
					<marc:datafield tag="035" ind1=" " ind2=" ">
						<marc:subfield code="a">(OCoLC)897868476</marc:subfield>
					</marc:datafield>
					<marc:datafield tag="040" ind1=" " ind2=" ">
						<marc:subfield code="a">ABA001</marc:subfield>
						<marc:subfield code="b">cze</marc:subfield>
					</marc:datafield>
					<marc:datafield tag="041" ind1="0" ind2=" ">
						<marc:subfield code="a">cze</marc:subfield>
						<marc:subfield code="b">eng</marc:subfield>
					</marc:datafield>
					<marc:datafield tag="072" ind1=" " ind2="7">
						<marc:subfield code="a">13</marc:subfield>
						<marc:subfield code="x">Filozofie ducha</marc:subfield>
						<marc:subfield code="2">Konspekt</marc:subfield>
						<marc:subfield code="9">5</marc:subfield>
					</marc:datafield>
					<marc:datafield tag="080" ind1=" " ind2=" ">
						<marc:subfield code="a">2-264</marc:subfield>
						<marc:subfield code="2">MRF</marc:subfield>
					</marc:datafield>
					<marc:datafield tag="080" ind1=" " ind2=" ">
						<marc:subfield code="a">398.21</marc:subfield>
						<marc:subfield code="2">MRF</marc:subfield>
					</marc:datafield>
					<marc:datafield tag="080" ind1=" " ind2=" ">
						<marc:subfield code="a">82-343</marc:subfield>
						<marc:subfield code="2">MRF</marc:subfield>
					</marc:datafield>
					<marc:datafield tag="080" ind1=" " ind2=" ">
						<marc:subfield code="a">165.212</marc:subfield>
						<marc:subfield code="2">MRF</marc:subfield>
					</marc:datafield>
					<marc:datafield tag="080" ind1=" " ind2=" ">
						<marc:subfield code="a">2-12/-17-264-027.14</marc:subfield>
						<marc:subfield code="2">MRF</marc:subfield>
					</marc:datafield>
					<marc:datafield tag="080" ind1=" " ind2=" ">
						<marc:subfield code="a">7.04</marc:subfield>
						<marc:subfield code="2">MRF</marc:subfield>
					</marc:datafield>
					<marc:datafield tag="080" ind1=" " ind2=" ">
						<marc:subfield code="a">159.954/.955</marc:subfield>
						<marc:subfield code="2">MRF</marc:subfield>
					</marc:datafield>
					<marc:datafield tag="080" ind1=" " ind2=" ">
						<marc:subfield code="a">93/94</marc:subfield>
						<marc:subfield code="2">MRF</marc:subfield>
					</marc:datafield>
					<marc:datafield tag="080" ind1=" " ind2=" ">
						<marc:subfield code="a">2-1</marc:subfield>
						<marc:subfield code="2">MRF</marc:subfield>
					</marc:datafield>
					<marc:datafield tag="080" ind1=" " ind2=" ">
						<marc:subfield code="a">(048.8)</marc:subfield>
						<marc:subfield code="2">MRF</marc:subfield>
					</marc:datafield>
					<marc:datafield tag="100" ind1="1" ind2=" ">
						<marc:subfield code="a">Novotný, David Jan,</marc:subfield>
						<marc:subfield code="d">1947-</marc:subfield>
						<marc:subfield code="7">jk01090652</marc:subfield>
						<marc:subfield code="4">aut</marc:subfield>
					</marc:datafield>
					<marc:datafield tag="245" ind1="1" ind2="0">
						<marc:subfield code="a">Úvahy o mýtu /</marc:subfield>
						<marc:subfield code="c">David Jan Novotný</marc:subfield>
					</marc:datafield>
					<marc:datafield tag="250" ind1=" " ind2=" ">
						<marc:subfield code="a">Vyd. 1.</marc:subfield>
					</marc:datafield>
					<marc:datafield tag="260" ind1=" " ind2=" ">
						<marc:subfield code="a">Praha :</marc:subfield>
						<marc:subfield code="b">Karolinum,</marc:subfield>
						<marc:subfield code="c">2014</marc:subfield>
					</marc:datafield>
					<marc:datafield tag="300" ind1=" " ind2=" ">
						<marc:subfield code="a">260 s. ;</marc:subfield>
						<marc:subfield code="c">21 cm</marc:subfield>
					</marc:datafield>
					<marc:datafield tag="504" ind1=" " ind2=" ">
						<marc:subfield code="a">Obsahuje bibliografii, bibliografické odkazy a rejstřík</marc:subfield>
					</marc:datafield>
					<marc:datafield tag="546" ind1=" " ind2=" ">
						<marc:subfield code="a">Anglické resumé</marc:subfield>
					</marc:datafield>
					<marc:datafield tag="550" ind1=" " ind2=" ">
						<marc:subfield code="a">Vydavatel: Univerzita Karlova v Praze</marc:subfield>
					</marc:datafield>
					<marc:datafield tag="650" ind1="0" ind2="7">
						<marc:subfield code="a">mýty</marc:subfield>
						<marc:subfield code="7">ph123146</marc:subfield>
						<marc:subfield code="2">czenas</marc:subfield>
					</marc:datafield>
					<marc:datafield tag="650" ind1="0" ind2="7">
						<marc:subfield code="a">symboly</marc:subfield>
						<marc:subfield code="7">ph126351</marc:subfield>
						<marc:subfield code="2">czenas</marc:subfield>
					</marc:datafield>
					<marc:datafield tag="650" ind1="0" ind2="7">
						<marc:subfield code="a">archetypy (psychologie)</marc:subfield>
						<marc:subfield code="7">ph118505</marc:subfield>
						<marc:subfield code="2">czenas</marc:subfield>
					</marc:datafield>
					<marc:datafield tag="650" ind1="0" ind2="7">
						<marc:subfield code="a">náměty, témata a motivy</marc:subfield>
						<marc:subfield code="7">ph138485</marc:subfield>
						<marc:subfield code="2">czenas</marc:subfield>
					</marc:datafield>
					<marc:datafield tag="650" ind1="0" ind2="7">
						<marc:subfield code="a">tvůrčí myšlení</marc:subfield>
						<marc:subfield code="7">ph116508</marc:subfield>
						<marc:subfield code="2">czenas</marc:subfield>
					</marc:datafield>
					<marc:datafield tag="650" ind1="0" ind2="7">
						<marc:subfield code="a">dějiny</marc:subfield>
						<marc:subfield code="7">ph114390</marc:subfield>
						<marc:subfield code="x">mytologické aspekty</marc:subfield>
						<marc:subfield code="2">czenas</marc:subfield>
					</marc:datafield>
					<marc:datafield tag="650" ind1="0" ind2="9">
						<marc:subfield code="a">myths</marc:subfield>
						<marc:subfield code="2">eczenas</marc:subfield>
					</marc:datafield>
					<marc:datafield tag="650" ind1="0" ind2="9">
						<marc:subfield code="a">symbols</marc:subfield>
						<marc:subfield code="2">eczenas</marc:subfield>
					</marc:datafield>
					<marc:datafield tag="650" ind1="0" ind2="9">
						<marc:subfield code="a">archetypes</marc:subfield>
						<marc:subfield code="2">eczenas</marc:subfield>
					</marc:datafield>
					<marc:datafield tag="650" ind1="0" ind2="9">
						<marc:subfield code="a">themes and motives</marc:subfield>
						<marc:subfield code="2">eczenas</marc:subfield>
					</marc:datafield>
					<marc:datafield tag="650" ind1="0" ind2="9">
						<marc:subfield code="a">creative thinking</marc:subfield>
						<marc:subfield code="2">eczenas</marc:subfield>
					</marc:datafield>
					<marc:datafield tag="650" ind1="0" ind2="9">
						<marc:subfield code="a">history</marc:subfield>
						<marc:subfield code="x">mythological aspects</marc:subfield>
						<marc:subfield code="2">eczenas</marc:subfield>
					</marc:datafield>
					<marc:datafield tag="655" ind1=" " ind2="7">
						<marc:subfield code="a">monografie</marc:subfield>
						<marc:subfield code="7">fd132842</marc:subfield>
						<marc:subfield code="2">czenas</marc:subfield>
					</marc:datafield>
					<marc:datafield tag="655" ind1=" " ind2="9">
						<marc:subfield code="a">monographs</marc:subfield>
						<marc:subfield code="2">eczenas</marc:subfield>
					</marc:datafield>
					<marc:datafield tag="710" ind1="2" ind2=" ">
						<marc:subfield code="a">Univerzita Karlova</marc:subfield>
						<marc:subfield code="7">kn20010710036</marc:subfield>
					</marc:datafield>
					<marc:datafield tag="910" ind1="2" ind2=" ">
						<marc:subfield code="a">BOA001</marc:subfield>
						<marc:subfield code="b">2-1337.682</marc:subfield>
					</marc:datafield>
					<marc:datafield tag="928" ind1="1" ind2=" ">
						<marc:subfield code="a">Karolinum - nakladatelství Univerzity Karlovy v Praze</marc:subfield>
					</marc:datafield>
					<marc:datafield tag="990" ind1=" " ind2=" ">
						<marc:subfield code="a">BK</marc:subfield>
					</marc:datafield>
					<marc:datafield tag="995" ind1=" " ind2=" ">
						<marc:subfield code="a">01</marc:subfield>
					</marc:datafield>
					<marc:datafield tag="991" ind1=" " ind2=" ">
						<marc:subfield code="b">201412</marc:subfield>
						<marc:subfield code="c">NOV</marc:subfield>
						<marc:subfield code="e">n</marc:subfield>
					</marc:datafield>
					<marc:datafield tag="996" ind1="6" ind2=" ">
						<marc:subfield code="b">2610614142</marc:subfield>
						<marc:subfield code="c">2-1337.682</marc:subfield>
						<marc:subfield code="l">SK1</marc:subfield>
						<marc:subfield code="r">SKL</marc:subfield>
						<marc:subfield code="n">0</marc:subfield>
						<marc:subfield code="p">p.v.</marc:subfield>
						<marc:subfield code="w">001476506</marc:subfield>
						<marc:subfield code="a">1</marc:subfield>
						<marc:subfield code="e">BOA001</marc:subfield>
						<marc:subfield code="s">P</marc:subfield>
					</marc:datafield>
				</marc:record>
			</metadata>
		</record>