
		<record>
			<header>
				<identifier>oai:aleph.mzk.cz:MZK01-001422571</identifier>
				<datestamp>2015-01-02T01:30:59Z</datestamp>
				<setSpec>MZKALL</setSpec>
			</header>
			<metadata>
				<marc:record xmlns:marc="http://www.loc.gov/MARC21/slim"
					xmlns:xsi="http://www.w3.org/2001/XMLSchema-instance"
					xsi:schemaLocation="http://www.loc.gov/MARC21/slim
http://www.loc.gov/standards/marcxml/schema/MARC21slim.xsd">
					<marc:leader>     nam a22      a 4500</marc:leader>
					<marc:controlfield tag="001">nkc20142613790</marc:controlfield>
					<marc:controlfield tag="003">CZ PrNK</marc:controlfield>
					<marc:controlfield tag="005">20150101170043.0</marc:controlfield>
					<marc:controlfield tag="007">ta</marc:controlfield>
					<marc:controlfield tag="008">140818s2014    xr ach e      001 0 cze  </marc:controlfield>
					<marc:datafield tag="015" ind1=" " ind2=" ">
						<marc:subfield code="a">cnb002613790</marc:subfield>
					</marc:datafield>
					<marc:datafield tag="020" ind1=" " ind2=" ">
						<marc:subfield code="a">978-80-247-5023-1</marc:subfield>
						<marc:subfield code="q">(brož.)</marc:subfield>
					</marc:datafield>
					<marc:datafield tag="035" ind1=" " ind2=" ">
						<marc:subfield code="a">(OCoLC)894844558</marc:subfield>
					</marc:datafield>
					<marc:datafield tag="040" ind1=" " ind2=" ">
						<marc:subfield code="a">OLA001</marc:subfield>
						<marc:subfield code="b">cze</marc:subfield>
					</marc:datafield>
					<marc:datafield tag="041" ind1="0" ind2=" ">
						<marc:subfield code="a">cze</marc:subfield>
						<marc:subfield code="b">cze</marc:subfield>
						<marc:subfield code="b">eng</marc:subfield>
					</marc:datafield>
					<marc:datafield tag="043" ind1=" " ind2=" ">
						<marc:subfield code="a">e-be---</marc:subfield>
						<marc:subfield code="a">e-xr---</marc:subfield>
					</marc:datafield>
					<marc:datafield tag="045" ind1=" " ind2=" ">
						<marc:subfield code="a">t1y1</marc:subfield>
					</marc:datafield>
					<marc:datafield tag="072" ind1=" " ind2="7">
						<marc:subfield code="a">611</marc:subfield>
						<marc:subfield code="x">Anatomie člověka a srovnávací anatomie</marc:subfield>
						<marc:subfield code="2">Konspekt</marc:subfield>
						<marc:subfield code="9">14</marc:subfield>
					</marc:datafield>
					<marc:datafield tag="080" ind1=" " ind2=" ">
						<marc:subfield code="a">616-051</marc:subfield>
						<marc:subfield code="2">MRF</marc:subfield>
					</marc:datafield>
					<marc:datafield tag="080" ind1=" " ind2=" ">
						<marc:subfield code="a">611</marc:subfield>
						<marc:subfield code="2">MRF</marc:subfield>
					</marc:datafield>
					<marc:datafield tag="080" ind1=" " ind2=" ">
						<marc:subfield code="a">572.7</marc:subfield>
						<marc:subfield code="2">MRF</marc:subfield>
					</marc:datafield>
					<marc:datafield tag="080" ind1=" " ind2=" ">
						<marc:subfield code="a">61(091)</marc:subfield>
						<marc:subfield code="2">MRF</marc:subfield>
					</marc:datafield>
					<marc:datafield tag="080" ind1=" " ind2=" ">
						<marc:subfield code="a">371.3</marc:subfield>
						<marc:subfield code="2">MRF</marc:subfield>
					</marc:datafield>
					<marc:datafield tag="080" ind1=" " ind2=" ">
						<marc:subfield code="a">(493)</marc:subfield>
						<marc:subfield code="2">MRF</marc:subfield>
					</marc:datafield>
					<marc:datafield tag="080" ind1=" " ind2=" ">
						<marc:subfield code="a">(437.3)</marc:subfield>
						<marc:subfield code="2">MRF</marc:subfield>
					</marc:datafield>
					<marc:datafield tag="080" ind1=" " ind2=" ">
						<marc:subfield code="a">(048.8:082)</marc:subfield>
						<marc:subfield code="2">MRF</marc:subfield>
					</marc:datafield>
					<marc:datafield tag="080" ind1=" " ind2=" ">
						<marc:subfield code="a">(082.2)</marc:subfield>
						<marc:subfield code="2">MRF</marc:subfield>
					</marc:datafield>
					<marc:datafield tag="245" ind1="0" ind2="0">
						<marc:subfield code="a">Anatomie od Vesalia po současnost :</marc:subfield>
						<marc:subfield code="b">1514-2014 /</marc:subfield>
						<marc:subfield code="c">[editoři Miloš Grim, Ondřej Naňka, Karel Černý ; autoři Hana Brichová ... et al.]</marc:subfield>
					</marc:datafield>
					<marc:datafield tag="250" ind1=" " ind2=" ">
						<marc:subfield code="a">1. vyd.</marc:subfield>
					</marc:datafield>
					<marc:datafield tag="260" ind1=" " ind2=" ">
						<marc:subfield code="a">Praha :</marc:subfield>
						<marc:subfield code="b">Grada,</marc:subfield>
						<marc:subfield code="c">2014</marc:subfield>
					</marc:datafield>
					<marc:datafield tag="300" ind1=" " ind2=" ">
						<marc:subfield code="a">xiv, 272 s. :</marc:subfield>
						<marc:subfield code="b">il. (převážně barev.), portréty, faksim. ;</marc:subfield>
						<marc:subfield code="c">30 cm</marc:subfield>
					</marc:datafield>
					<marc:datafield tag="500" ind1=" " ind2=" ">
						<marc:subfield code="a">&quot;Publikace k 500. výročí narození Andrea Vesalia&quot;</marc:subfield>
					</marc:datafield>
					<marc:datafield tag="500" ind1=" " ind2=" ">
						<marc:subfield code="a">Na obálce nad názvem: Univerzita Karlova v Praze, 1. lékařská fakulta, Česká anatomická společnost</marc:subfield>
					</marc:datafield>
					<marc:datafield tag="504" ind1=" " ind2=" ">
						<marc:subfield code="a">Obsahuje bibliografie, bibliografické odkazy a rejstřík</marc:subfield>
					</marc:datafield>
					<marc:datafield tag="546" ind1=" " ind2=" ">
						<marc:subfield code="a">České a anglická resumé</marc:subfield>
					</marc:datafield>
					<marc:datafield tag="600" ind1="1" ind2="7">
						<marc:subfield code="a">Vesalius, Andrea,</marc:subfield>
						<marc:subfield code="d">1514-1564</marc:subfield>
						<marc:subfield code="7">jn19990008772</marc:subfield>
						<marc:subfield code="2">czenas</marc:subfield>
					</marc:datafield>
					<marc:datafield tag="648" ind1=" " ind2="4">
						<marc:subfield code="a">1514-2014</marc:subfield>
					</marc:datafield>
					<marc:datafield tag="648" ind1=" " ind2="4">
						<marc:subfield code="a">1514-1564</marc:subfield>
					</marc:datafield>
					<marc:datafield tag="648" ind1=" " ind2="7">
						<marc:subfield code="a">16.-21. stol.</marc:subfield>
						<marc:subfield code="7">ch757033</marc:subfield>
						<marc:subfield code="2">czenas</marc:subfield>
					</marc:datafield>
					<marc:datafield tag="648" ind1=" " ind2="7">
						<marc:subfield code="a">17.-21. stol.</marc:subfield>
						<marc:subfield code="7">ch757027</marc:subfield>
						<marc:subfield code="2">czenas</marc:subfield>
					</marc:datafield>
					<marc:datafield tag="650" ind1="0" ind2="7">
						<marc:subfield code="a">lékaři</marc:subfield>
						<marc:subfield code="7">ph122495</marc:subfield>
						<marc:subfield code="z">Belgie</marc:subfield>
						<marc:subfield code="y">16. stol.</marc:subfield>
						<marc:subfield code="2">czenas</marc:subfield>
					</marc:datafield>
					<marc:datafield tag="650" ind1="0" ind2="7">
						<marc:subfield code="a">lékaři</marc:subfield>
						<marc:subfield code="7">ph122495</marc:subfield>
						<marc:subfield code="y">16.-21. stol.</marc:subfield>
						<marc:subfield code="2">czenas</marc:subfield>
					</marc:datafield>
					<marc:datafield tag="650" ind1="0" ind2="7">
						<marc:subfield code="a">anatomie člověka</marc:subfield>
						<marc:subfield code="7">ph118421</marc:subfield>
						<marc:subfield code="2">czenas</marc:subfield>
					</marc:datafield>
					<marc:datafield tag="650" ind1="0" ind2="7">
						<marc:subfield code="a">morfologie člověka</marc:subfield>
						<marc:subfield code="7">ph122986</marc:subfield>
						<marc:subfield code="2">czenas</marc:subfield>
					</marc:datafield>
					<marc:datafield tag="650" ind1="0" ind2="7">
						<marc:subfield code="a">dějiny lékařství</marc:subfield>
						<marc:subfield code="7">ph484341</marc:subfield>
						<marc:subfield code="y">16.-21. stol.</marc:subfield>
						<marc:subfield code="2">czenas</marc:subfield>
					</marc:datafield>
					<marc:datafield tag="650" ind1="0" ind2="7">
						<marc:subfield code="a">dějiny lékařství</marc:subfield>
						<marc:subfield code="7">ph484341</marc:subfield>
						<marc:subfield code="z">Česko</marc:subfield>
						<marc:subfield code="y">16.-21. stol.</marc:subfield>
						<marc:subfield code="2">czenas</marc:subfield>
					</marc:datafield>
					<marc:datafield tag="650" ind1="0" ind2="7">
						<marc:subfield code="a">studium a výuka</marc:subfield>
						<marc:subfield code="7">ph136700</marc:subfield>
						<marc:subfield code="z">Česko</marc:subfield>
						<marc:subfield code="y">17.-21. stol.</marc:subfield>
						<marc:subfield code="2">czenas</marc:subfield>
					</marc:datafield>
					<marc:datafield tag="650" ind1="0" ind2="9">
						<marc:subfield code="a">physicians</marc:subfield>
						<marc:subfield code="z">Belgium</marc:subfield>
						<marc:subfield code="y">16th century</marc:subfield>
						<marc:subfield code="2">eczenas</marc:subfield>
					</marc:datafield>
					<marc:datafield tag="650" ind1="0" ind2="9">
						<marc:subfield code="a">physicians</marc:subfield>
						<marc:subfield code="y">16th-21st centuries</marc:subfield>
						<marc:subfield code="2">eczenas</marc:subfield>
					</marc:datafield>
					<marc:datafield tag="650" ind1="0" ind2="9">
						<marc:subfield code="a">human anatomy</marc:subfield>
						<marc:subfield code="2">eczenas</marc:subfield>
					</marc:datafield>
					<marc:datafield tag="650" ind1="0" ind2="9">
						<marc:subfield code="a">human morphology</marc:subfield>
						<marc:subfield code="2">eczenas</marc:subfield>
					</marc:datafield>
					<marc:datafield tag="650" ind1="0" ind2="9">
						<marc:subfield code="a">history of medicine</marc:subfield>
						<marc:subfield code="y">16th-21st centuries</marc:subfield>
						<marc:subfield code="2">eczenas</marc:subfield>
					</marc:datafield>
					<marc:datafield tag="650" ind1="0" ind2="9">
						<marc:subfield code="a">history of medicine</marc:subfield>
						<marc:subfield code="z">Czechia</marc:subfield>
						<marc:subfield code="y">16th-21st centuries</marc:subfield>
						<marc:subfield code="2">eczenas</marc:subfield>
					</marc:datafield>
					<marc:datafield tag="650" ind1="0" ind2="9">
						<marc:subfield code="a">study and teaching</marc:subfield>
						<marc:subfield code="z">Czechia</marc:subfield>
						<marc:subfield code="y">17th-21st centuries</marc:subfield>
						<marc:subfield code="2">eczenas</marc:subfield>
					</marc:datafield>
					<marc:datafield tag="655" ind1=" " ind2="7">
						<marc:subfield code="a">kolektivní monografie</marc:subfield>
						<marc:subfield code="7">fd501537</marc:subfield>
						<marc:subfield code="2">czenas</marc:subfield>
					</marc:datafield>
					<marc:datafield tag="655" ind1=" " ind2="7">
						<marc:subfield code="a">jubilejní publikace</marc:subfield>
						<marc:subfield code="7">fd131839</marc:subfield>
						<marc:subfield code="2">czenas</marc:subfield>
					</marc:datafield>
					<marc:datafield tag="655" ind1=" " ind2="9">
						<marc:subfield code="a">collective monographs</marc:subfield>
						<marc:subfield code="2">eczenas</marc:subfield>
					</marc:datafield>
					<marc:datafield tag="655" ind1=" " ind2="9">
						<marc:subfield code="a">jubilee books</marc:subfield>
						<marc:subfield code="2">eczenas</marc:subfield>
					</marc:datafield>
					<marc:datafield tag="700" ind1="1" ind2=" ">
						<marc:subfield code="a">Grim, Miloš,</marc:subfield>
						<marc:subfield code="d">1941-</marc:subfield>
						<marc:subfield code="7">jn20000602504</marc:subfield>
						<marc:subfield code="4">aut</marc:subfield>
						<marc:subfield code="4">edt</marc:subfield>
					</marc:datafield>
					<marc:datafield tag="700" ind1="1" ind2=" ">
						<marc:subfield code="a">Naňka, Ondřej,</marc:subfield>
						<marc:subfield code="d">1972-</marc:subfield>
						<marc:subfield code="7">mzk2006348905</marc:subfield>
						<marc:subfield code="4">aut</marc:subfield>
						<marc:subfield code="4">edt</marc:subfield>
					</marc:datafield>
					<marc:datafield tag="700" ind1="1" ind2=" ">
						<marc:subfield code="a">Černý, Karel,</marc:subfield>
						<marc:subfield code="d">1974-</marc:subfield>
						<marc:subfield code="7">jo2002106622</marc:subfield>
						<marc:subfield code="4">aut</marc:subfield>
						<marc:subfield code="4">edt</marc:subfield>
					</marc:datafield>
					<marc:datafield tag="700" ind1="1" ind2=" ">
						<marc:subfield code="a">Brichová, Hana,</marc:subfield>
						<marc:subfield code="d">1939-</marc:subfield>
						<marc:subfield code="7">jo2002101394</marc:subfield>
						<marc:subfield code="4">aut</marc:subfield>
					</marc:datafield>
					<marc:datafield tag="710" ind1="2" ind2=" ">
						<marc:subfield code="a">Univerzita Karlova.</marc:subfield>
						<marc:subfield code="b">Lékařská fakulta, 1.</marc:subfield>
						<marc:subfield code="7">kn20010709366</marc:subfield>
					</marc:datafield>
					<marc:datafield tag="710" ind1="2" ind2=" ">
						<marc:subfield code="a">Česká anatomická společnost</marc:subfield>
						<marc:subfield code="7">ko2002147947</marc:subfield>
					</marc:datafield>
					<marc:datafield tag="910" ind1="2" ind2=" ">
						<marc:subfield code="a">BOA001</marc:subfield>
						<marc:subfield code="b">4-1332.266</marc:subfield>
					</marc:datafield>
					<marc:datafield tag="928" ind1="1" ind2=" ">
						<marc:subfield code="a">Grada Publishing</marc:subfield>
					</marc:datafield>
					<marc:datafield tag="990" ind1=" " ind2=" ">
						<marc:subfield code="a">BK</marc:subfield>
					</marc:datafield>
					<marc:datafield tag="995" ind1=" " ind2=" ">
						<marc:subfield code="a">01</marc:subfield>
					</marc:datafield>
					<marc:datafield tag="991" ind1=" " ind2=" ">
						<marc:subfield code="b">201410</marc:subfield>
						<marc:subfield code="c">NOV</marc:subfield>
						<marc:subfield code="e">n</marc:subfield>
					</marc:datafield>
					<marc:datafield tag="996" ind1="6" ind2=" ">
						<marc:subfield code="b">2610605299</marc:subfield>
						<marc:subfield code="c">4-1332.266</marc:subfield>
						<marc:subfield code="l">SK7</marc:subfield>
						<marc:subfield code="r">SKL</marc:subfield>
						<marc:subfield code="n">0</marc:subfield>
						<marc:subfield code="p">p.v.</marc:subfield>
						<marc:subfield code="w">001458263</marc:subfield>
						<marc:subfield code="a">1</marc:subfield>
						<marc:subfield code="e">BOA001</marc:subfield>
						<marc:subfield code="s">P</marc:subfield>
					</marc:datafield>
				</marc:record>
			</metadata>
		</record>
	</ListRecords>
</OAI-PMH> 